@book{Barabasi2003-1,
	address   = {São Paulo},
	author    = {L\'aszl\'o Barab\'asi, Albert},
	publisher = {Leopardo Editora},
	title     = {Linked: A Nova Ci\^encia dos Networks},
	year      = {2003},
}

@misc{barabasi2003linked,
  title={Linked: The new science of networks},
  author={Barab{\'a}si, Albert-L{\'a}szl{\'o}},
  year={2003},
  publisher={American Association of Physics Teachers}
}

@misc{aperea-1,
    author = {Juliana Santana},
    title = {Simulação do Aperea},
    year = 2021,
    howpublished = {\url{https://mhar-vell.github.io/rasc/2021-07-21-aperea-simulacao/}},
    note = {Accessed: 2021-11-24}
}

@book{Watts2003,
	address   = {New York},
	author    = {J. Watts, Duncan},
	publisher = {W W Norton \& Co.},
	title     = {Six Degrees: The Science of a Connected Age},
	year      = {2003},
}

@book{NBW2006,
	address   = {Princeton, NJ, USA},
	author    = {Mark Newman, Albert-L\'aszl\'o Barab\'asi, and Duncan J. Watts},
	publisher = {Princeton University Press},
	title     = {The Structure and Dynamics of Networks},
	year      = {2006},
}

@book{Tuft1990,
	address   = {Cheshire, England},
	author    = {Tufte, Edward},
	publisher = {Graphics Press},
	title     = {Envisioning Information},
	year      = {1990},
}

@book{Tuft1997,
	address   = {Cheshire, England},
	author    = {Tufte, Edward R.},
	publisher = {Graphics Press},
	title     = {Visual Explanations: Images and Quantities, Evidence and Narrative},
	year      = {1997},
}

@book{Tuft2001,
	address   = {Cheshire, England},
	author    = {Tufte, Edward R.},
	publisher = {Graphics Press},
	title     = {The Visual Display of Quantitative Information},
	year      = {2001},
	edition   = {2nd edition},
}

@article{Barabasi2003-2,
	author    = {Barab\'{a}si, Albert-L\'{a}szl\'{o} and Bonabeau, E.},
	journal   = {Scientific American},
	keywords  = {networks power-law preferential-attachment scale-free},
	language  = {english},
	number    = {60-69},
	title     = {Scale-Free Networks},
	volume    = {288},
	year      = {2003},
}

@article{Kwan2007,
	author    = {Goh, Kwang-Il I. and Cusick, Michael E. and Valle, David and Childs, Barton and Vidal, Marc and Barab\'asi, Albert-L\'aszl\'o L.},
	title     = {The human disease network},
	journal   = {Proceedings of the National Academy of Sciences of the United States of America},
	number    = {21},
	publisher = {National Academy of Sciences},
	volume    = {104},
	year      = {2007},
}

@article{Freeman2000,
	author  = {Freeman, Linton Clarke},
	title   = {Visualizing social networks},
	journal = {Journal of Social Structure},
	year    = {2000},
	volume  = {1},
	pages   = {1},
}

@article{Shneiderman1996,
	author  = {Shneiderman, Ben},
	title   = {The eyes have it: A task by data taxonomy for information visualizations},
	journal = {Proc. IEEE Symp. Visual Languages},
	year    = {1996},
	volume  = {},
	pages   = {336?343},
}

@article{Herman2000,
	author  = {Herman, Ivan and Melan, Guy con and Marshall, M Scott},
	title   = {Graph visualization and navigation in information visualization: a survey},
	journal = {IEEE Trans. Visualization and Computer Graphics},
	year    = {2000},
	volume  = {6},
	number  = {1},
	pages   = {24--43},
}


@article{Krebs2002,
    author  = {Krebs, Valdis},
    title   = {Uncloaking terrorist networks},
    journal = {First Monday},
    year    = {2002},
    volume  = {},
    pages   = {1},
}

@article{Meyers2005nta,
	author = {Meyers, Lauren Ancel and Pourbohloul, Babak and Newman, M. E J and Skowronski, Danuta M and Brunham, Robert C},
	journal = {Journal of Theoretical Biology},
	number = {1},
	pages = {71--81},
	title = {Network theory and SARS: predicting outbreak diversity},
	volume = {232},
	year = {2005},
}

@article{CF2007,
    author  = {Nicholas A. Christakis and James H. Fowler},
    journal = {The New England Journal of Medicine},
    number  = {257},
    pages   = {370--379},
    title   = {The spread of obesity in a large social network over 32 years},
    volume  = {4},
    year    = {2007},
}

@article{Kovalchuk2014,
	author  = {Kovalchuk, Sergey V. and Bezgodov, Aleksey A. and Terekhov, Denis M. and Boukhanovsky, Alexander V.},
	journal = {Science and Information Conference},
	pages   = {736--741},
	title   = {Interactive Environment for Effective Visual Analysis of Large Data within Virtual Reality},
	year    = {2014},
}

@article{Yang2005,
	author  = {Yang, Yuting and Engin, Levent and Wurtele, Eve Syrkin and Cruz-Neira, Carolina and Dickerson, Julie A. },
	journal = {Science and Information Conference},
	pages   = {3645--3650},
	volume  = {21},
	number  = {18},
	title   = {Integration of metabolic networks and gene expression in virtual reality},
	year    = {2005},
}

@article{Erdos1959,
	author   = {Erd\"{o}s, P. and R\'{e}nyi, A.},
	journal  = {Publicationes Mathematicae (Debrecen)},
	pages    = {290--297},
	priority = {2},
	title    = {{On random graphs, I}},
	volume   = {6},
	year     = {1959},
}

@article{Strogatz2001,
	author  = {Strogatz, Steven H.},
	journal = {Nature},
	pages   = {268--276},
	title   = {{Exploring complex networks}},
	volume  = {410},
	year    = {2001},
}



@ARTICLE{Albert2002,
	author  = {Albert, R\'{e}ka and Barab\'{a}si, Albert-l\'{a}szl\'{o} },
	title   = {Statistical mechanics of complex networks},
	journal = {Rev. Mod. Phys},
	year    = {2002},
	volume  = {74},
	pages   = {47--97},
}


@article{Solomonoff1951,
	author = {Solomonoff, Ray and Rapoport, Anatol},
	pages  = {107-117},
	title  = {Connectivity of Random Nets},
	volume = {13},
	year   = {1951},
}

@article{Watts1998,
	author  = {Watts, D. J. and Strogatz, S. H.},
	journal = {Nature},
	number  = {6684},
	pages   = {409--10},
	title   = {{Collective dynamics of'small-world'networks.}},
	volume  = {393},
	year    = {1998},
}






@inproceedings{BetellaEMOV2014,
	author    = {Alberto Betella and Alex Escuredo and Enrique Mart{\'{\i}}nez Bueno and Pedro Omedas and Paul F. M. J. Verschure},
	title     = {Manipulating complex network structures in virtual reality and 3D printing of the results},
	booktitle = {Proceedings of the 2014 Virtual Reality International Conference, {VRIC} 2014, Laval, France, April 9-11, 2014},
	pages     = {30:1--30:2},
	year      = {2014},
	crossref  = {DBLP:conf/vric/2014},
	url       = {http://doi.acm.org/10.1145/2617841.2620718},
	doi       = {10.1145/2617841.2620718},
	timestamp = {Thu, 23 Apr 2015 01:00:00 +0200},
	biburl    = {http://dblp.uni-trier.de/rec/bib/conf/vric/BetellaEMOV14},
	bibsource = {dblp computer science bibliography, http://dblp.org},
}

@TechReport {Cajahyba2009,
	author = {Monteiro, Sonia and Pereira, Hernane and Jorge, Eduardo and Reis, Uedson and Cajahyba, Tiago},
	title = {ODRM (ONTOLOGY DIAMOND RESEARCH MODEL): Um Conjunto Formal de Métodos, Processos e Ferramentais para Estruturar Bases de Conhecimento Pautadas em Ontologia.},
	institution = {III Seminário de Pesquisa sobre Ontologia no Brasil},
	address     = {Rio de Janeiro},
	year = {2009},
}

@MASTERSTHESIS{Autor2009,
  author =       {Sobrenome05, Autor05},
  title =        {T\'itulo da disserta\c{c}\~ao de mestrado.},
  school =       {Institui\c{c}\~ao},
  type  =        {Mestrado em alguma coisa},
  address =      {Cidade},
  year =         {2009},
}

@PHDTHESIS{Autor2002,
  author =       {Sobrenome03, Autor03},
  title =        {T\'itulo da tese de doutorado.},
  school =       {Institui\c{c}\~ao},
  type  =        {Doutorado em outra coisa},
  address =      {Cidade},
  year =         {2002},
}

@MISC{Mota2002,
  author =       {Mota, Helder A.},
  title =        {Sei l\'a},
  howpublished = {URL: www.mota.com.br},
  month =        {Abril},
  year =         {2002},

}
d@article{Autor1998,
    author = {Sobrenome01, Autor01},
    journal = {Revista cient\'ifica},
    number = {13},
    pages = {10--23},
    title = {T\'itulo do artigo.},
    volume = {2},
    year = {1998},
}

@article{Bogue1,
author = {Bogue, Robert},
year = {2019},
month = {11},
pages = {},
title = {Robots in the offshore oil and gas industries: a review of recent developments},
volume = {ahead-of-print},
journal = {Industrial Robot: the international journal of robotics research and application},
doi = {10.1108/IR-10-2019-0207}
}


@article{Bogue2,
author = {Bogue, Robert},
year = {2008},
month = {08},
pages = {390-396},
title = {Cutting robots: A review of technologies and applications},
volume = {35},
journal = {Industrial Robot-an International Journal - IND ROBOT},
doi = {10.1108/01439910810893554}
}

@article{Towards,
author = {Ludvigsen, Martin and Sørensen, Asgeir},
year = {2016},
month = {01},
pages = {145-157},
title = {Towards integrated autonomous underwater operations for ocean mapping and monitoring},
volume = {42},
journal = {Annual Reviews in Control},
doi = {10.1016/j.arcontrol.2016.09.013}
}

@article{dual_eyes,
author = {Myint, Myo and Yonemori, Kenta and Lwin, Khinnwe and Yanou, Akira and Minami, Mamoru},
year = {2018},
month = {09},
pages = {},
title = {Dual-eyes Vision-based Docking System for Autonomous Underwater Vehicle: an Approach and Experiments},
volume = {92},
journal = {Journal of Intelligent & Robotic Systems},
doi = {10.1007/s10846-017-0703-6}
}

@article{visual_serving,
author = {Myint, Myo and Yonemori, Kenta and Yanou, Akira and Lwin, Khinnwe and Minami, Mamoru and Ishiyama, Shintaro},
year = {2016},
month = {08},
pages = {543-558},
title = {Visual Servoing for Underwater Vehicle Using Dual-Eyes Evolutionary Real-Time Pose Tracking},
volume = {28},
journal = {Journal of Robotics and Mechatronics},
doi = {10.20965/jrm.2016.p0543}
}


@inproceedings{wireless_joy,
author = {Tervo, Kalevi and Bocca, Maurizio and Eriksson, Lasse and Manninen, Aino},
year = {2009},
month = {04},
pages = {19 - 24},
title = {Wireless joystick control for human adaptive mechatronics applications: Case trolley crane},
doi = {10.1109/ICNSC.2009.4919239}
}

@article{desgin_joy,
author = {De Palma, Daniela and Indiveri, Giovanni},
year = {2016},
month = {12},
pages = {265-272},
title = {Underwater vehicle guidance control design within the DexROV project: preliminary results},
volume = {49},
journal = {IFAC-PapersOnLine},
doi = {10.1016/j.ifacol.2016.10.353}
}

@misc{yahoo_finaces,
    author = {Yahoo Finaces},
    title = {Global Offshore AUV and ROV Market to Reach $7.2 Billion by 2026},
    year = 2021,
    howpublished = {\url{https://finance.yahoo.com/news/global-offshore-auv-rov-market-162700831.html?guccounter=1&guce_referrer=aHR0cHM6Ly93d3cuZ29vZ2xlLmNvbS8&guce_referrer_sig=AQAAAHMsr8ohtD1yUe2OzTh-KdBQirj17HVu6vKpio7oH2t-T7Pe1Oa3q5GYMoqkw5iBevsTzmFJ3JV4kuRpA9DZCnMztPEIo8Tq7JdwxxLEp02_wAcXKS3pVYDtGCEcJniIH9gpgvoIia4QI7In64FdVilz6l0A4T1kK7sSUWsmUcO3}},
    note = {Accessed: 2021-11-26}
}

@inbook{Antonelli,
author = {Antonelli, Gianluca and Fossen, Thor and Yoerger, Dana},
year = {2008},
month = {01},
pages = {987-1008},
title = {Underwater Robotics},
volume = {1},
journal = {Springer Handbook of Robotics},
doi = {10.1007/978-3-540-30301-5_44}
}



@misc{Bluerobotics,
    author = {BLUEROBOTICS},
    title = {BlueROV2},
    year = 2021,
    howpublished = {\url{https://bluerobotics.com/store/rov/bluerov2}},
    note = {Accessed: 2021-11-26}
}


@misc{ECA_GROUP,
    author = {ECA GROUP},
    title = {SEASCAN MK2},
    year = 2021,
    howpublished = {\url{https://www.ecagroup.com/en/solutions/seascan-mk2}},
    note = {Accessed: 2021-11-30}
}

